@BOOK{WillmotFrequentlyAskedQuestions,
   author = "Willmot P.",
   title = "Frequently Asked Questions in Quantitative Finance",
   publisher = "Wiley",
   year = "2007",
}

@ONLINE{GlobalDerMarket,
    url= {http://www.math.nyu.edu/faculty/avellane/global_derivatives_market.pdf},
    urldate = {2015-11-11},
    title = {The Global Derivatives Market:
An Introduction}
}

HESTON EULER: 6.84305
-0.0091935
-0.00879132
-0.00838913
-0.00798694
-0.00758475
-0.00718256
-0.00678037
-0.00637818
-0.00597599

@ONLINE{NLS,
    url= {http://homepage.ntu.edu.tw/~ckuan/pdf/et01/ch8.pdf},
    urldate = {2015-11-11},
    title = {Nonlinear Least Squares}
},

@ONLINE{Nonlinear,
    url= {http://au.mathworks.com/help/optim/ug/lsqnonlin.html},
    urldate = {2015-11-11},
    title = {Lsqnonlin}
},

@ONLINE{OptionPrices,
    url= {https://finance.yahoo.com/q/op?s=SPY+Options},
    urldate = {2015-11-01},
    title = {SPY Option Prices}
},

@ONLINE{HestonMatlab,
    url= {http://www.mathworks.com/matlabcentral/fileexchange/29446-heston-model-calibration-and-simulation},
    urldate = {2015-11-11},
    title = {Heston Model Calibration and Simulation}
},

@ONLINE{HallsMoore,
    url= {https://www.quantstart.com/articles/Heston-Stochastic-Volatility-Model-with-Euler-Discretisation-in-C},
    urldate = {2015-11-11},
    title = {Heston Stochastic Volatility Model With Euler Discretisation In C++}
},

@ONLINE{Niemiro,
    url= {http://mst.mimuw.edu.pl/lecture.php?lecture=sst&part=Ch8},
    urldate = {2015-11-11},
    title = {Symulacje stochastyczne i metody Monte Carlo}
},

@book{IFRS2013,
  title={Wiley IFRS 2013: Interpretation and Application of International Financial Reporting Standards},
  author={Mackenzie, Bruce and Coetsee, Danie and Njikizana, Tapiwa and Chamboko, Raymond and Colyvas, Blaise and Hanekom, Brandon},
  year={2012},
  publisher={John Wiley \& Sons}
}

@book{joshi2008c++,
  title={C++ design patterns and derivatives pricing},
  author={Joshi, Mark Suresh},
  volume={2},
  year={2008},
  publisher={Cambridge University Press}
}

@book{rouah2013heston,
  title={The Heston model and its extensions in MATLAB and C\#},
  author={Rouah, Fabrice D},
  year={2013},
  publisher={John Wiley \& Sons}
}

@BOOK{Joshi,
   author = "Mark S. Joshi",
   title = "The Concepts and Practice of Mathematical Finance",
   publisher = "Cambridge",
   year = "2008",
},

@book{FairValue2010,
  title={Wiley guide to fair value under IFRS},
  author={Catty, James P},
  year={2010},
  publisher={John Wiley \& Sons}
},

@BOOK{HestonExtensions,
   author = "Rouah, Fabrice",
   title = "The Heston Model and Its Extensions in Matlab and C#",
   publisher = "A Chapman and Hall Book",
   year = "2010",
},

@book{Glasserman,
  title={Monte Carlo methods in financial engineering},
  author={Glasserman, Paul},
  volume={53},
  year={2003},
  publisher={Springer Science \& Business Media}
},

@article{LM,
  title={Levenberg-marquardt training},
  author={Yu, Hao and Wilamowski, Bogdan M},
  journal={Industrial electronics handbook},
  volume={5},
  number={12},
  pages={1--16},
  year={2011},
  publisher={CRC Press}
}

@book{Korn,
  title={Monte Carlo methods and models in finance and insurance},
  author={Korn, Ralf and Korn, Elke and Kroisandt, Gerald},
  year={2010},
  publisher={CRC press}
}

@BOOK{Hull,
  title={Options, Futures and other Derivatives},
  author={Hull, John C},
  year={2000},
  publisher={Prentice Hall}
}

@article{Broadie,
  title={Exact simulation of stochastic volatility and other affine jump diffusion processes},
  author={Broadie, Mark and Kaya, {\"O}zg{\"u}r},
  journal={Operations Research},
  volume={54},
  number={2},
  pages={217--231},
  year={2006},
  publisher={INFORMS}
},

@article{Meyers,
  title={C++ and the perils of double-checked locking},
  author={Meyers, Scott and Alexandrescu, Andrei},
  journal={Dr. Dobb’s Journal},
  year={2004}
},

@article{Andersen,
  title={Efficient simulation of the Heston stochastic volatility model},
  author={Andersen, Leif BG},
  journal={Available at SSRN 946405},
  year={2007}
}

@article{Lord,
  title={A comparison of biased simulation schemes for stochastic volatility models},
  author={Lord, Roger and Koekkoek, Remmert and Dijk, Dick Van},
  journal={Quantitative Finance},
  volume={10},
  number={2},
  pages={177--194},
  year={2010},
  publisher={Taylor \& Francis}
},

@article{Malham,
  title={Chi-square simulation of the CIR process and the Heston model},
  author={Malham, Simon JA and Wiese, Anke},
  journal={International journal of theoretical and applied finance},
  volume={16},
  number={03},
  pages={1350014},
  year={2013},
  publisher={World Scientific}
},

@article{Bates,
  title={Jumps and stochastic volatility: Exchange rate processes implicit in deutsche mark options},
  author={Bates, David S},
  journal={Review of financial studies},
  volume={9},
  number={1},
  pages={69--107},
  year={1996},
  publisher={Soc Financial Studies}
}

@article{Marsaglia,
  title={A convenient method for generating normal variables},
  author={Marsaglia, George and Bray, Thomas A},
  journal={SIAM review},
  volume={6},
  number={3},
  pages={260--264},
  year={1964},
  publisher={SIAM}
},

@article{TheLittleHestonTrap,
  author = "Martin Haugh", 
  year = "2009",
  title = "Black-Scholes and the Volatility Surface",
  journal = "Columbia University Lecture Notes"
},

@article{Kirkpatrick,
  title={Optimization by simulated annealing: Quantitative studies},
  author={Kirkpatrick, Scott},
  journal={Journal of statistical physics},
  volume={34},
  number={5-6},
  pages={975--986},
  year={1984},
  publisher={Springer}
}

@article{OptimalizationBySimulatedAnnealing,
  author = "S. Kirkpatrick and C.D. Gelatt and M.P.Vecchi",
  year = "1986",
  title = "Optimalization By Simulated Annealing",
  journal = {Science},
},

@article{TheLittleHestonTrap,
  author = "Hansjorg Albrecher", 
  year = "2006",
  title = "The Little Heston Trap",
  journal = {Australian Academy of Sciences},
},

@phdthesis{ChenBin,
  title={Calibration of the Heston model with Application in Derivative Pricing and Hedging},
  author={Chen, B},
  year={2007},
  school={TU Delft, Delft University of Technology}
},

@article{OptimalInvestment2010,
  author = "Carl Chiarella and Chih-Ying Hsiao",
  year = "2010",
  title = "Optimal Investment Strategies under Stochastic Volatility - Estimation and Applications",  
  journal = {Quantitative Finance Research Centre}, 
},

@article{Mikhailov,
  author = "Sergei Mikhailov and Ulrich Nogel",
  year = "2010",
  title = "Heston’s Stochastic Volatility Model Implementation, Calibration and Some Extensions", 
  journal = {Wilmott Magazine},  
},

@article{Attari,
  title={Option pricing using fourier transforms: A numerically efficient simplification},
  author={Attari, Mukarram},
  journal={Available at SSRN 520042},
  year={2004}
}

@article{BlackScholes,
  title={The pricing of options and corporate liabilities},
  author={Black, Fischer and Scholes, Myron},
  journal={The journal of political economy},
  pages={637--654},
  year={1973},
  publisher={JSTOR}
}

@article{CoxIngersollRoss,
  author = "Cox, J.C. and J.E. Ingersoll and S.A. Ross",
  year = "1985",
  title = "A Theory of the Term Structure of Interest Rates",   
  journal = {Econometrica, Volume 53},
},

@article{Forde,
  author = "Martin Forde and Antoine Jacquier and Aleksandar Mijatović",
  year = "2012",
  title = "Asymptotic formulae for implied volatility in the Heston model",
  journal = "Proceeding of Royal Society"
},


@article{TestingMeanReversion,
  author = "Turan G. Bali and K. Ozgur Demirtas",
  year = "2006",
  title = "Testing Mean Reversion in Stock Market Volatility",
  journal = {Journal of Futures Markets},
},

@article{Christoffersen,
  title={The shape and term structure of the index option smirk: Why multifactor stochastic volatility models work so well},
  author={Christoffersen, Peter and Heston, Steven and Jacobs, Kris},
  journal={Management Science},
  volume={55},
  number={12},
  pages={1914--1932},
  year={2009},
  publisher={INFORMS}
}

@article{albrecher2006little,
  title={The little Heston trap},
  author={Albrecher, Hansj{\"o}rg and Mayer, Philipp and Schoutens, Wim and Tistaert, Jurgen},
  year={2006},
  journal={KU Leuven Section of Statistics Technical Report}
}

@techreport{AcceleratingHeston,
  title={Accelerating the calibration of stochastic volatility models},
  author={Kilin, Fiodar},
  year={2007},
  institution={CPQF Working Paper Series}
}

@article{Heston,
  title={A closed-form solution for options with stochastic volatility with applications to bond and currency options},
  author={Heston, Steven L},
  journal={Review of financial studies},
  volume={6},
  number={2},
  pages={327--343},
  year={1993},
  publisher={Soc Financial Studies}
}
